
@article{davenport2016,
	Author = {{Davenport}, J.~R.~A.},
	Journal = {\apj},
	Month = sep,
	Pages = {23},
	Title = {{The Kepler Catalog of Stellar Flares}},
	Volume = 829,
	Year = 2016}



@article{davenport2019,
	Author = {{Davenport}, James R.~A. and {Covey}, Kevin R. and {Clarke}, Riley W. and {Boeck}, Austin C. and {Cornet}, Jonathan and {Hawley}, Suzanne L.},
	Journal = {\apj},
	Month = {Feb},
	Pages = {241},
	Title = {{The Evolution of Flare Activity with Stellar Age}},
	Volume = {871},
	Year = {2019}}



@article{veronig2002,
	Author = {{Veronig}, A. and {Temmer}, M. and {Hanslmeier}, A. and {Otruba}, W. and {Messerotti}, M.},
	Journal = {\aap},
	Month = feb,
	Pages = {1070-1080},
	Title = {{Temporal aspects and frequency distributions of solar soft X-ray flares}},
	Volume = 382,
	Year = 2002}



@article{messina2002,
	Author = {{Messina}, S. and {Guinan}, E.~F.},
	Journal = {\aap},
	Month = oct,
	Pages = {225-237},
	Title = {{Magnetic activity of six young solar analogues I. Starspot cycles from long-term photometry}},
	Volume = 393,
	Year = 2002}


@article{montet2017,
	Author = {{Montet}, B.~T. and {Tovar}, G. and {Foreman-Mackey}, D.},
	Journal = {ArXiv e-prints},
	Month = may,
	Title = {{Long Term Photometric Variability in Kepler Full Frame Images: Magnetic Cycles of Sun-Like Stars}},
	Year = 2017}









@article{huntwalker2012,
	Author = {{Hunt-Walker}, N.~M. and {Hilton}, E.~J. and {Kowalski}, A.~F. and {Hawley}, S.~L. and {Matthews}, J.~M.},
	Journal = {\pasp},
	Month = jun,
	Pages = {545-551},
	Title = {{MOST Observations of the Flare Star AD Leo}},
	Volume = 124,
	Year = 2012}



@article{borucki2010,
	Adsnote = {Provided by the SAO/NASA Astrophysics Data System},
	Adsurl = {http://adsabs.harvard.edu/abs/2010Sci...327..977B},
	Author = {{Borucki}, W.~J. and {Koch}, D. and {Basri}, G. and {Batalha}, N. and {Brown}, T. and {Caldwell}, D. and {Caldwell}, J. and {Christensen-Dalsgaard}, J. and {Cochran}, W.~D. and {DeVore}, E. and {Dunham}, E.~W. and {Dupree}, A.~K. and {Gautier}, T.~N. and {Geary}, J.~C. and {Gilliland}, R. and {Gould}, A. and {Howell}, S.~B. and {Jenkins}, J.~M. and {Kondo}, Y. and {Latham}, D.~W. and {Marcy}, G.~W. and {Meibom}, S. and {Kjeldsen}, H. and {Lissauer}, J.~J. and {Monet}, D.~G. and {Morrison}, D. and {Sasselov}, D. and {Tarter}, J. and {Boss}, A. and {Brownlee}, D. and {Owen}, T. and {Buzasi}, D. and {Charbonneau}, D. and {Doyle}, L. and {Fortney}, J. and {Ford}, E.~B. and {Holman}, M.~J. and {Seager}, S. and {Steffen}, J.~H. and {Welsh}, W.~F. and {Rowe}, J. and {Anderson}, H. and {Buchhave}, L. and {Ciardi}, D. and {Walkowicz}, L. and {Sherry}, W. and {Horch}, E. and {Isaacson}, H. and {Everett}, M.~E. and {Fischer}, D. and {Torres}, G. and {Johnson}, J.~A. and {Endl}, M. and {MacQueen}, P. and {Bryson}, S.~T. and {Dotson}, J. and {Haas}, M. and {Kolodziejczak}, J. and {Van Cleve}, J. and {Chandrasekaran}, H. and {Twicken}, J.~D. and {Quintana}, E.~V. and {Clarke}, B.~D. and {Allen}, C. and {Li}, J. and {Wu}, H. and {Tenenbaum}, P. and {Verner}, E. and {Bruhweiler}, F. and {Barnes}, J. and {Prsa}, A.},
	Date-Added = {2013-05-23 07:02:07 +0000},
	Date-Modified = {2013-05-23 07:02:17 +0000},
	Doi = {10.1126/science.1185402},
	Journal = {Science},
	Month = feb,
	Pages = {977-},
	Title = {{Kepler Planet-Detection Mission: Introduction and First Results}},
	Volume = 327,
	Year = 2010}


@article{aschwanden2012,
	Author = {{Aschwanden}, M.~J. and {Freeland}, S.~L.},
	Journal = {\apj},
	Month = aug,
	Pages = {112},
	Title = {{Automated Solar Flare Statistics in Soft X-Rays over 37 Years of GOES Observations: The Invariance of Self-organized Criticality during Three Solar Cycles}},
	Volume = 754,
	Year = 2012}


@article{morris2019,
	Author = {{Morris}, Brett M. and {Davenport}, James R.~A. and {Giles}, Helen A.~C. and {Hebb}, Leslie and {Hawley}, Suzanne L. and {Angus}, Ruth and {Gilman}, Peter A. and {Agol}, Eric},
	Journal = {\mnras},
	Month = {Apr},
	Number = {3},
	Pages = {3244-3250},
	Title = {{The solar benchmark: rotational modulation of the Sun reconstructed from archival sunspot records}},
	Volume = {484},
	Year = {2019}}


@article{gehrels1985,
	Author = {{Gehrels}, N.},
	Journal = {\apj},
	Month = Septermber,
	Pages = {11},
	Title = {{Confidence Limits for Small Numbers of Events in Astrophysical Data}},
	Volume = 303,
	Year = 1985}
	
	
@article{duncan1991,
	Author = {{Duncan}, Douglas K. and {Vaughan}, Arthur H. and {Wilson}, Olin C. and {Preston}, George W. and {Frazer}, James and {Lanning}, Howard, {Baliunas}, Sallie L. and {Noyes}, Robert W. and {Hartmann}, Lee W. and {Porter}, Alain and {Zwaan}, Cornelis and {Middelkoop}, Frans and {Rutten} Rene G. M. and {Mihalas}, Dimitri},
	Journal = {\apjs},
	Month = {May},
	Pages = {47},
	Title = {{Ca II and K Measurements Made at Mount Wilson Observatory, 1966-1983}},
	Volume = 76,
	Year = 1991}
	
	
@article{lurie2015,
	Author = {{Lurie}, John C. and {Davenport}, James R.~A. and {Hawley}, Suzanne L. and {Wilkinson}, Tessa D. and {Wisniewski} John P. and {Fowalksi} Adam F. and {Hebb}, Leslie},
	Journal = {\apj},
	Month = {February},
	Pages = {14},
	Title = {{Kepler Flares III: Stellar Activity on GJ 1245A and B}},
	Volume = 800,
	Year = 2015}
	
	
	
@article{kopp2016,
	Author = {{Kopp}, G. and {Krivova}, N. and {Wu}, C.J. and {Lean}, J.},
	Journal = {Solar Physics},
	Month = Jan,
	Title = {{The Impact of the Revised Sunspot Record on Solar Irradiance Reconstructions}},
	Year = 2016}
	
	
@article{lme1976,
	Author = {{Lacy}, C. H., and {Moffett}, T. J. and {Evans}, D. S.},
	Journal = {\apj},
	Month = Jan,
	Title = {{UV Ceti stars: statistical analysis of observational data}},
	Year = 1976}
	
	

@article{hawley2003,
	Author = {{Hawley}, S.~L. and {Allred}, J.~C. and {Johns-Krull}, C.~M. and {Fisher}, G.~H. and {Abbett}, W.~P. and {Alekseev}, I. and {Avgoloupis}, S.~I. and {Deustua}, S.~E. and {Gunn}, A. and {Seiradakis}, J.~H. and {Sirk}, M.~M. and {Valenti}, J.~A.},
	Journal = {\apj},
	Month = nov,
	Pages = {535-554},
	Title = {{Multiwavelength Observations of Flares on AD Leonis}},
	Volume = 597,
	Year = 2003}








@article{numpy,
	Author = {{Walt}, S. and {Colbert }, C. and {Varoquaux}, G.},
	Journal = {Computing in Science \& Engineering},
	title = {{The NumPy Array: A Structure for Efficient Numerical Computation}},
	Volume = 13,
	Year = 2011}
	
@Misc{scipy,
  author =    {Eric Jones and Travis Oliphant and Pearu Peterson and others},
  title =     {{SciPy}: Open source scientific tools for {Python}},
  year =      {2001--},
  url = "http://www.scipy.org/",
}


@article{ipython,
	Author = {{Perez}, F. and {Granger}, B.},
	Journal = {IEEE},
	title = {{IPython: A System for Interactive Scientific Computing}},
	Volume = 9,
	Year = 2007}
	
	
@InProceedings{ pandas,
  author    = { Wes McKinney },
  title     = { Data Structures for Statistical Computing in Python },
  booktitle = { Proceedings of the 9th Python in Science Conference },
  pages     = { 51 - 56 },
  year      = { 2010 },
  editor    = { St\'efan van der Walt and Jarrod Millman }
}
	
	
@Article{matplotlib,
  Author    = {Hunter, J. D.},
  Title     = {Matplotlib: A 2D graphics environment},
  Journal   = {Computing in Science \& Engineering},
  Volume    = {9},
  Number    = {3},
  Pages     = {90--95},
  abstract  = {Matplotlib is a 2D graphics package used for Python for
  application development, interactive scripting, and publication-quality
  image generation across user interfaces and operating systems.},
  publisher = {IEEE COMPUTER SOC},
  doi       = {10.1109/MCSE.2007.55},
  year      = 2007
}
	
	
	
	
@article{emcee,
	Author = {{Foreman-Mackey}, D. and {Agol}, E. and {Ambikasaran}, S and {Angus}, R.},
	Journal = {Astronomical Journal},
	Title = {{Fast and Scalable Gaussian Process Modeling with Applications to Astronomical Time Series}},
	Volume = 154,
	Year = 2017}



@article{tess,
	Author = {{Ricker}, G.~R. and {Winn}, J.~N. and {Vanderspek}, R. and {Latham}, D.~W. and {Bakos}, G.~{\'A}. and {Bean}, J.~L. and {Berta-Thompson}, Z.~K. and {Brown}, T.~M. and {Buchhave}, L. and {Butler}, N.~R. and {Butler}, R.~P. and {Chaplin}, W.~J. and {Charbonneau}, D. and {Christensen-Dalsgaard}, J. and {Clampin}, M. and {Deming}, D. and {Doty}, J. and {De Lee}, N. and {Dressing}, C. and {Dunham}, E.~W. and {Endl}, M. and {Fressin}, F. and {Ge}, J. and {Henning}, T. and {Holman}, M.~J. and {Howard}, A.~W. and {Ida}, S. and {Jenkins}, J.~M. and {Jernigan}, G. and {Johnson}, J.~A. and {Kaltenegger}, L. and {Kawai}, N. and {Kjeldsen}, H. and {Laughlin}, G. and {Levine}, A.~M. and {Lin}, D. and {Lissauer}, J.~J. and {MacQueen}, P. and {Marcy}, G. and {McCullough}, P.~R. and {Morton}, T.~D. and {Narita}, N. and {Paegert}, M. and {Palle}, E. and {Pepe}, F. and {Pepper}, J. and {Quirrenbach}, A. and {Rinehart}, S.~A. and {Sasselov}, D. and {Sato}, B. and {Seager}, S. and {Sozzetti}, A. and {Stassun}, K.~G. and {Sullivan}, P. and {Szentgyorgyi}, A. and {Torres}, G. and {Udry}, S. and {Villasenor}, J.},
	Journal = {Journal of Astronomical Telescopes, Instruments, and Systems},
	Month = jan,
	Number = 1,
	Pages = {014003},
	Title = {{Transiting Exoplanet Survey Satellite (TESS)}},
	Volume = 1,
	Year = 2015}
